@article{digi_cash,
author = {David Chaum},
title = {Blind Signatures for Untraceable Payments},
journal = {Advances in Cryptology: Proceedings of Crypto 82},
year = {1982},
pages = {199--203}
}

@misc{smart_contract_idea ,
author = {Nick Szabo},
title = {Smart Contracts},
howpublished = {Available at \url{http://www.fon.hum.uva.nl/rob/Courses/InformationInSpeech/CDROM/Literature/LOTwinterschool2006/szabo.best.vwh.net/smart.contracts.html} (1994)}
}

@online{ethdocs,
  author = {Ethereum Foundation},
  title = {Ethereum Homestead Documentation},
  url = {http://ethdocs.org/}
}

@online{soliditydocs,
  author = {Ethereum Foundation},
  title = {Solidity Language Docs},
  url = {https://solidity.readthedocs.io/en/v0.5.7/}
}
